{"timestamp": "2025-07-21 16:39:50.293825", "mode": "base", "type": "BUY", "stock": "SUZLON.NS", "price": 66.48, "quantity": 24, "stoploss": 65.48, "target_price": 116.48, "capital_used": 1595.52}
{"timestamp": "2025-07-21 16:40:10.519212", "mode": "base", "type": "BUY", "stock": "IDEA.NS", "price": 7.63, "quantity": 209, "stoploss": 7.52, "target_price": 13.37, "capital_used": 1594.67}
{"timestamp": "2025-07-21 16:40:31.188872", "mode": "base", "type": "BUY", "stock": "IRCON.NS", "price": 190.41, "quantity": 8, "stoploss": 187.55, "target_price": 340.41, "capital_used": 1523.28}
{"timestamp": "2025-07-21 17:01:45.717052", "mode": "base", "type": "BUY", "stock": "JPPOWER.NS", "price": 21.57, "quantity": 74, "stoploss": 21.25, "target_price": 37.79, "capital_used": 1596.18}
{"timestamp": "2025-07-21 17:08:36.491414", "mode": "base", "type": "BUY", "stock": "SOUTHBANK.NS", "price": 29.14, "quantity": 54, "stoploss": 28.7, "target_price": 51.36, "capital_used": 1573.56}
{"timestamp": "2025-07-21 17:09:00.955060", "mode": "base", "type": "BUY", "stock": "TATAMOTORS.NS", "price": 687.1, "quantity": 2, "stoploss": 676.79, "target_price": 1287.1, "capital_used": 1374.2}
{"timestamp": "2025-07-21 17:09:17.302396", "mode": "base", "type": "BUY", "stock": "ADANIPOWER.NS", "price": 597.7, "quantity": 2, "stoploss": 588.73, "target_price": 1197.7, "capital_used": 1195.4}
{"timestamp": "2025-07-21 17:09:34.450045", "mode": "base", "type": "BUY", "stock": "ZOMATO.NS", "price": 76.75, "quantity": 20, "stoploss": 75.6, "target_price": 136.75, "capital_used": 1535.0}
{"timestamp": "2025-07-21 19:17:48.104936", "mode": "base", "type": "BUY", "stock": "TATAMOTORS.NS", "price": 687.1, "quantity": 2, "stoploss": 676.79, "target_price": 1287.1, "capital_used": 1374.2}
{"timestamp": "2025-07-21 19:18:04.609529", "mode": "base", "type": "BUY", "stock": "ADANIPOWER.NS", "price": 597.7, "quantity": 2, "stoploss": 588.73, "target_price": 1197.7, "capital_used": 1195.4}
{"timestamp": "2025-07-22 09:45:41.128721", "mode": "base", "type": "BUY", "stock": "SUZLON.NS", "price": 66.1, "quantity": 24, "stoploss": 65.11, "target_price": 116.1, "capital_used": 1586.4}
{"timestamp": "2025-07-22 09:45:55.090139", "mode": "base", "type": "BUY", "stock": "SOUTHBANK.NS", "price": 29.3, "quantity": 54, "stoploss": 28.86, "target_price": 51.52, "capital_used": 1582.2}
{"timestamp": "2025-07-22 09:46:09.964682", "mode": "base", "type": "BUY", "stock": "JPPOWER.NS", "price": 21.96, "quantity": 72, "stoploss": 21.63, "target_price": 38.63, "capital_used": 1581.12}
{"timestamp": "2025-07-22 11:50:12.900401", "mode": "base", "type": "BUY", "stock": "SOUTHBANK.NS", "price": 29.43, "quantity": 54, "stoploss": 28.99, "target_price": 51.65, "capital_used": 1589.22}
{"timestamp": "2025-07-22 11:50:41.564877", "mode": "base", "type": "BUY", "stock": "IRCON.NS", "price": 189.16, "quantity": 8, "stoploss": 186.32, "target_price": 339.16, "capital_used": 1513.28}
{"timestamp": "2025-07-22 11:50:58.403415", "mode": "base", "type": "BUY", "stock": "ADANIPOWER.NS", "price": 593.35, "quantity": 2, "stoploss": 584.45, "target_price": 1193.35, "capital_used": 1186.7}
{"timestamp": "2025-07-22 11:54:04.810120", "mode": "base", "type": "BUY", "stock": "SOUTHBANK.NS", "price": 29.39, "quantity": 54, "stoploss": 28.95, "target_price": 51.61, "capital_used": 1587.06}
{"timestamp": "2025-07-22 11:54:27.389278", "mode": "base", "type": "BUY", "stock": "IRCON.NS", "price": 189.03, "quantity": 8, "stoploss": 186.19, "target_price": 339.03, "capital_used": 1512.24}
{"timestamp": "2025-07-22 11:54:56.358148", "mode": "base", "type": "BUY", "stock": "INDUSINDBK.NS", "price": 848.0, "quantity": 1, "stoploss": 835.28, "target_price": 2048.0, "capital_used": 848.0}
{"timestamp": "2025-07-22 12:12:51.781086", "mode": "base", "type": "BUY", "stock": "SOUTHBANK.NS", "price": 29.41, "quantity": 54, "stoploss": 28.97, "target_price": 51.63, "capital_used": 1588.14}
{"timestamp": "2025-07-22 12:13:04.904493", "mode": "base", "type": "BUY", "stock": "IDEA.NS", "price": 7.47, "quantity": 214, "stoploss": 7.36, "target_price": 13.08, "capital_used": 1598.58}
{"timestamp": "2025-07-22 12:13:19.937627", "mode": "base", "type": "BUY", "stock": "IRCON.NS", "price": 189.09, "quantity": 8, "stoploss": 186.25, "target_price": 339.09, "capital_used": 1512.72}
{"timestamp": "2025-07-22 12:13:36.961315", "mode": "base", "type": "BUY", "stock": "ADANIPOWER.NS", "price": 593.05, "quantity": 2, "stoploss": 584.15, "target_price": 1193.05, "capital_used": 1186.1}
{"timestamp": "2025-07-22 12:57:34.315095", "mode": "base", "type": "BUY", "stock": "SUZLON.NS", "price": 66.21, "quantity": 24, "stoploss": 65.22, "target_price": 116.21, "capital_used": 1589.04}
{"timestamp": "2025-07-22 12:57:47.948703", "mode": "base", "type": "BUY", "stock": "SOUTHBANK.NS", "price": 29.35, "quantity": 54, "stoploss": 28.91, "target_price": 51.57, "capital_used": 1584.9}
{"timestamp": "2025-07-22 12:58:01.217674", "mode": "base", "type": "BUY", "stock": "IDEA.NS", "price": 7.47, "quantity": 214, "stoploss": 7.36, "target_price": 13.08, "capital_used": 1598.58}
{"timestamp": "2025-07-22 12:58:14.055650", "mode": "base", "type": "BUY", "stock": "JPPOWER.NS", "price": 21.71, "quantity": 73, "stoploss": 21.38, "target_price": 38.15, "capital_used": 1584.83}
{"timestamp": "2025-07-22 12:58:28.140435", "mode": "base", "type": "BUY", "stock": "IRCON.NS", "price": 189.15, "quantity": 8, "stoploss": 186.31, "target_price": 339.15, "capital_used": 1513.2}
